 @article{leveson-turner-1993, title={An investigation of the therac-25 accidents}, volume={26}, DOI={10.1109/mc.1993.274940}, number={7}, journal={Computer}, author={Leveson, N.G. and Turner, C.S.}, year={1993}, month={Nov}, pages={18â€“41}
} 

 @book{baase-henry-2019, place={NY, NY}, title={A gift of fire: Social, legal, and ethical issues for Computing Technology}, publisher={Pearson}, author={Baase, Sara and Henry, Timothy}, year={2019}
} 

 @inbook{leveson-1999, place={Reading, massachusetts}, title={Appendix A: Medical Devices: The Therac-25}, booktitle={Safeware: System Safety and Computers}, publisher={Addison-Wesley}, author={Leveson, Nancy G.}, year={1999}} 

 @misc{rose_1994, title={Fatal dose}, url={http://www.ccnr.org/fatal_dose.html}, journal={Fatal Dose - Radiation Deaths linked to AECL Computer Errors}, author={Rose, Barbara Wade}, year={1994}, month={Jun}}